@article{CASAS,
  title={CASAS: A smart home in a box},
  author={Cook, Diane J and Crandall, Aaron S and Thomas, Brian L and Krishnan, Narayanan C},
  journal={Computer},
  volume={46},
  number={7},
  year={2013},
  publisher={NIH Public Access}
}

@incollection{Persona,
	title={The \textrm{PERSONA} service platform for \textrm{AAL} spaces},
	author={Tazari, Mohammad-Reza and Furfari, Francesco and Ramos, Juan-Pablo L{\'a}zaro and Ferro, Erina},
	booktitle={Handbook of Ambient Intelligence and Smart Environments},
	pages={1171--1199},
	year={2010},
	publisher={Springer}
}

@article{Uranus,
	title={Uranus: A middleware architecture for dependable \textrm{AAL} and vital signs monitoring applications},
	author={Coronato, Antonio},
	journal={Sensors},
	volume={12},
	number={3},
	pages={3145--3161},
	year={2012},
	publisher={Molecular Diversity Preservation International}
}

%UniversAAL
@incollection{hanke2011universaal,
	title={universAAL--an open and consolidated AAL platform},
	author={Hanke, Sten and Mayer, Christopher and Hoeftberger, Oliver and Boos, Henriette and Wichert, Reiner and Tazari, Mohammed-R and Wolf, Peter and Furfari, Francesco},
	booktitle={Ambient assisted living},
	pages={127--140},
	year={2011},
	publisher={Springer}
}

%SOPRANO
@inproceedings{wolf2008soprano,
	title={SOPRANO-An extensible, open \textrm{AAL} platform for elderly people based on semantical contracts},
	author={Wolf, Peter and Schmidt, Andreas and Klein, Michael},
	booktitle={3rd Workshop on Artificial Intelligence Techniques for Ambient Intelligence, Patras, Greece},
	year={2008}
}


@article{living2011ambient,
	title={Ambient assisted living joint programme},
	author={Living, Ambient Assisted},
	journal={DOI= http://www. aal-europe. eu/projects/AALCatalogueV3. pdf,(last checked 30.11. 2011)},
	year={2011}
}

@inproceedings{baldoni2009embedded,
	title={An embedded middleware platform for pervasive and immersive environments for-all},
	author={Baldoni, R and Di Ciccio, C and Mecella, M and Patrizi, F and Querzoni, L and Santucci, G and Dustdar, S and Li, F and Truong, H-L and Albornos, L and others},
	booktitle={Sensor, Mesh and Ad Hoc Communications and Networks Workshops},
	pages={1--3},
	year={2009},
	organization={IEEE}
}

@book{vallee2005multi,
	title={A multi-agent system for dynamic service composition in ambient intelligence environments},
	author={Vall{\'e}e, Mathieu and Ramparany, Fano and Vercouter, Laurent and others},
	year={2005},
	publisher={na}
}

%CocaAAML

@article{cocamaal,
	title={CoCaMAAL: A cloud-oriented context-aware middleware in ambient assisted living},
	author={Forkan, Abdur and Khalil, Ibrahim and Tari, Zahir},
	journal={Future Generation Computer Systems},
	volume={35},
	pages={114--127},
	year={2014},
	publisher={Elsevier}
}



@article{de2014active,
	title={Active in-database processing to support ambient assisted living systems},
	author={de Morais, Wagner O and Lundstr{\"o}m, Jens and Wickstr{\"o}m, Nicholas},
	journal={Sensors},
	volume={14},
	number={8},
	pages={14765--14785},
	year={2014},
	publisher={Multidisciplinary Digital Publishing Institute}
}


@inproceedings{kubitza2015towards,
	title={Towards a toolkit for the rapid creation of smart environments},
	author={Kubitza, Thomas and Schmidt, Albrecht},
	booktitle={International Symposium on End User Development},
	pages={230--235},
	year={2015},
	organization={Springer International Publishing}
}


%Evaluation for AAL

@article{salvi2015framework,
	title={A framework for evaluating Ambient Assisted Living technologies and the experience of the universAAL project},
	author={Salvi, Dario and Montalva Colomer, Juan Bautista and Arredondo, Maria Teresa and Prazak-Aram, Barbara and Mayer, Christopher},
	journal={Journal of Ambient Intelligence and Smart Environments},
	volume={7},
	number={3},
	pages={329--352},
	year={2015},
	publisher={IOS Press}
}
